<?xml version="1.0" encoding="UTF-8"?><collection><record><leader>05599ntm a2200517 a 4500</leader><controlfield tag="001">006782342</controlfield><controlfield tag="003">MiAaHDL</controlfield><controlfield tag="005">20190719000000.0</controlfield><controlfield tag="006">m        d        </controlfield><controlfield tag="007">cr bn ---auaua</controlfield><controlfield tag="008">090519q17501799xx            00| ||ara d</controlfield><datafield tag="035" ind1=" " ind2=" "><subfield code="a">(MiU)006782342</subfield></datafield><datafield tag="035" ind1=" " ind2=" "><subfield code="a">sdr-miu006782342</subfield></datafield><datafield tag="040" ind1=" " ind2=" "><subfield code="a">MiU</subfield><subfield code="c">MiU</subfield><subfield code="e">amremm</subfield></datafield><datafield tag="043" ind1=" " ind2=" "><subfield code="a">n-us-mi</subfield></datafield><datafield tag="100" ind1="1" ind2=" "><subfield code="6">880-01</subfield><subfield code="a">Bakrī, Muṣṭafá,</subfield><subfield code="d">1687 or 1688-1748 or 1749.</subfield></datafield><datafield tag="245" ind1="1" ind2="3"><subfield code="6">880-03</subfield><subfield code="a">al-Manhal al-ʻadhb al-ṣāʼigh li-wurrādih fī dhikr ṣalawāt al-ṭarīq wa awrādih,</subfield><subfield code="f">[mid to late 18th century?].</subfield></datafield><datafield tag="260" ind1=" " ind2=" "><subfield code="c">[1750-1799].</subfield></datafield><datafield tag="300" ind1=" " ind2=" "><subfield code="a">50 leaves :</subfield><subfield code="b">paper ;</subfield><subfield code="c">158 x 118 (115 x 77) mm.</subfield></datafield><datafield tag="500" ind1=" " ind2=" "><subfield code="a">Shelfmark: Ann Arbor, University of Michigan, Special Collections Library, Isl. Ms. 528</subfield></datafield><datafield tag="500" ind1=" " ind2=" "><subfield code="a">Origin: Lacks dated colophon ; perhaps mid to late 18th century.</subfield></datafield><datafield tag="500" ind1=" " ind2=" "><subfield code="a">Accompanying materials: a. Inventory cataloguing slip in hand of Winifred Smeaton Thomas. (pp.1-2)-- b. Acquisitions slip from Yahuda. (pp.3-4).</subfield></datafield><datafield tag="500" ind1=" " ind2=" "><subfield code="a">Former shelfmark: From inner front cover and label on lower cover, "IL 374" (likely supplied by Yahuda, see acquisitions slip).</subfield></datafield><datafield tag="500" ind1=" " ind2=" "><subfield code="a">Binding: Pasteboards covered in a decorative paper (blue flecked with orange, red, white, etc.) with brown leather over spine and fore edge flap ; Type II binding (with flap) ; board linings in untinted laid paper ; sewn in cream thread, two stations ; worked chevron endbands in dark pink or light brown, fair condition ; overall in fair condition with minor abrasion and staining.</subfield></datafield><datafield tag="500" ind1=" " ind2=" "><subfield code="a">Support: European laid paper with 7-8 laid lines per cm. (horizontal), chain lines spaced 26-27 mm. apart (vertical), and three crescents watermark (65 mm. long, perpendicular to chains, see p.8, etc.) ; sturdy and thick ; very lightly burnished if so.</subfield></datafield><datafield tag="500" ind1=" " ind2=" "><subfield code="a">Script: Naskh ; clear Turkish or 'Syrian' hand in a medium line ; partially but irregularly seriffed with right-sloping head-serif on occasional free-standing alif and shaqq of kāf, slight effect of tilt to the left and of words descending to baseline, mainly closed counters, rounded with curvilinear descenders, freely ligatured, kāf mashqūqah preferred with shaqq often sweeping up dramatically (and seriffed), pointing in strokes rather than distinct dots (alif maqṣūrah pointed as yāʼ), occasional elongation of horizontal strokes.</subfield></datafield><datafield tag="500" ind1=" " ind2=" "><subfield code="a">Layout: Written in 17 lines per page ; frame-ruled.</subfield></datafield><datafield tag="500" ind1=" " ind2=" "><subfield code="a">Collation: 5 V(50) ; exclusively quinions ; final five leaves left blank ; catchwords present ; pagination in pencil, Western numerals, supplied during digitization (includes inserts).</subfield></datafield><datafield tag="500" ind1=" " ind2=" "><subfield code="a">Explicit: "الاحاديث والاخبار التي تكفلت بجمعها اهل الحديث وفي هذا الميدان وقف قلم البيان والحمد لله اولا واخرا وظاهرا وباطنا وصلى الله على سيدنا محمد وعلى جميع الانبياء والمرسلين والحمد لله رب العالمين"</subfield></datafield><datafield tag="500" ind1=" " ind2=" "><subfield code="a">Incipit: "الحمد لله رب العالمين والصلاة والسلام على سيدنا محمد وعلى اله وصحبه اجمعين وبعد فيقول افقر الورى واقل الخدم ... مصطفى بن كمال الدين بن علي الصديقي الخلوتي غفر الله له كل زله ... اعلم ايها الطالب المريد وفقك الله لطلب المزيد ان من اللازم عليك بعد اخذ الطريق ان كنت ممن اخذه للسير والسلوك في منهل اهل التحقيق لا للتبرك والالتماس كما عليه كثير من الناس معرفة ما لا بد منه من صلوات الطريق واوراده ... احببت ان اشرح في هذه الكراسة بعض ما هنالك ليبني عليها الطالب اساسه وسميتها المنهل العذب السائغ لوراده في ذكر صلوات الطريق واوراده ..."</subfield></datafield><datafield tag="500" ind1=" " ind2=" "><subfield code="a">Title from 'title page' (p.5) and opening (p.6).</subfield></datafield><datafield tag="500" ind1=" " ind2=" "><subfield code="a">Ms. codex.</subfield></datafield><datafield tag="510" ind1="4" ind2=" "><subfield code="a">Brit Mus. cat. cod. Ar.,</subfield><subfield code="c">v.I, no. 176, VI, p.110</subfield></datafield><datafield tag="510" ind1="4" ind2=" "><subfield code="a">Brockelmann, C. GAL,</subfield><subfield code="c">II, 350, no.11</subfield></datafield><datafield tag="520" ind1="8" ind2=" "><subfield code="a">Fine copy of a mystical treatise with instructions for prayer by Muṣṭafá ibn Kamāl al-Dīn ibn ʻAlī al-Ṣaddīqī al-Khalwatī al-Bakrī (d.1749).</subfield></datafield><datafield tag="538" ind1=" " ind2=" "><subfield code="a">Mode of access: Internet.</subfield></datafield><datafield tag="541" ind1=" " ind2=" "><subfield code="a">Acquired in 1926 from the bookseller Isaac Benjamin S.E. Yahuda via purchase transacted on his behalf by Abraham Shalom Yahuda (1877-1951), his younger brother.</subfield></datafield><datafield tag="546" ind1=" " ind2=" "><subfield code="a">Arabic.</subfield></datafield><datafield tag="561" ind1=" " ind2=" "><subfield code="a">Reading/study notice on 'title page' (p.5) in name of al-Sayyid Abū Bakr al-Zuʻbī al-Jīlānī reads "نظر فيه وتأمل معانيه الفقير الفاني السيد ابو بكر الزعبي الجيلاني غفر الله له ولوالديه وللمسلمين اجمعين ولمن قرأ له الفاتحة امين م" ; occasional marginal corrections.</subfield></datafield><datafield tag="650" ind1=" " ind2="0"><subfield code="a">Manuscripts, Arabic</subfield><subfield code="z">Michigan</subfield><subfield code="z">Ann Arbor.</subfield></datafield><datafield tag="650" ind1=" " ind2="0"><subfield code="a">Prayer</subfield><subfield code="x">Islam</subfield><subfield code="v">Early works to 1800.</subfield></datafield><datafield tag="650" ind1=" " ind2="0"><subfield code="a">Sufism</subfield><subfield code="v">Prayers and devotions</subfield><subfield code="v">Early works to 1800.</subfield></datafield><datafield tag="650" ind1=" " ind2="0"><subfield code="a">Khalwatīyah</subfield><subfield code="v">Prayers and devotions</subfield><subfield code="v">Early works to 1800.</subfield></datafield><datafield tag="773" ind1="0" ind2=" "><subfield code="a">Yahuda Collection.</subfield></datafield><datafield tag="880" ind1="1" ind2="2"><subfield code="6">245-03/</subfield><subfield code="a">المنهل العذب السائغ لوراده في ذكر صلوات الطريق واوراده,</subfield><subfield code="f">[اواسط الى اواخر القرن 18م؟].</subfield></datafield><datafield tag="880" ind1="1" ind2=" "><subfield code="6">100-01/</subfield><subfield code="a">بكري، مصطفى.</subfield></datafield><datafield tag="CID" ind1=" " ind2=" "><subfield code="a">006782342</subfield></datafield><datafield tag="DAT" ind1="0" ind2=" "><subfield code="a">20190719102635.0</subfield><subfield code="b">20190719000000.0</subfield></datafield><datafield tag="DAT" ind1="1" ind2=" "><subfield code="a">20190719090653.0</subfield><subfield code="b">2019-07-19T16:11:29Z</subfield></datafield><datafield tag="DAT" ind1="2" ind2=" "><subfield code="a">2015-10-02T18:00:03Z</subfield></datafield><datafield tag="CAT" ind1=" " ind2=" "><subfield code="a">SDR-MIU</subfield><subfield code="d">EX LIBRIS - ALEPH</subfield><subfield code="l">prepare.pl-004-008</subfield></datafield><datafield tag="FMT" ind1=" " ind2=" "><subfield code="a">BK</subfield></datafield><datafield tag="HOL" ind1=" " ind2=" "><subfield code="0">sdr-miu006782342</subfield><subfield code="a">MiU</subfield><subfield code="b">SDR</subfield><subfield code="c">MIU</subfield><subfield code="p">mdp.39015079125574</subfield><subfield code="s">MIU</subfield><subfield code="1">006782342</subfield></datafield><datafield tag="974" ind1=" " ind2=" "><subfield code="b">MIU</subfield><subfield code="c">MIU</subfield><subfield code="d">20190719</subfield><subfield code="s">lit-dlps-dc</subfield><subfield code="u">mdp.39015079125574</subfield><subfield code="y">1799</subfield><subfield code="r">pd</subfield><subfield code="q">bib</subfield><subfield code="t">non-US bib date2 &lt; 1896</subfield></datafield></record></collection>